<record><leader>00000cas a22000007a 4500</leader><controlfield tag="001">16066856</controlfield><controlfield tag="008">870624d19091910iauwr ne      0    0eng d</controlfield><controlfield tag="009">5087</controlfield><datafield ind1=" " ind2=" " tag="010"><subfield code="a">sn 87058395 </subfield></datafield><datafield ind1=" " ind2=" " tag="040"><subfield code="a">INP</subfield><subfield code="b">eng</subfield><subfield code="c">INP</subfield><subfield code="d">OCLCQ</subfield></datafield><datafield ind1=" " ind2=" " tag="042"><subfield code="a">msc</subfield></datafield><datafield ind1="0" ind2="4" tag="245"><subfield code="a">The West Union argo.</subfield></datafield><datafield ind1="1" ind2="3" tag="246"><subfield code="a">Argo</subfield></datafield><datafield ind1=" " ind2=" " tag="260"><subfield code="a">West Union, Fayette County, Iowa :</subfield><subfield code="b">Walter H. Beall,</subfield><subfield code="c">1909-1910.</subfield></datafield><datafield ind1=" " ind2=" " tag="300"><subfield code="a">2 v.</subfield></datafield><datafield ind1=" " ind2=" " tag="310"><subfield code="a">Weekly</subfield></datafield><datafield ind1="0" ind2=" " tag="362"><subfield code="a">Vol. 29, no. 22 (Feb. 3, 1909)-v. 30, no. 30 (Apr. 6, 1910).</subfield></datafield><datafield ind1=" " ind2=" " tag="752"><subfield code="a">United States</subfield><subfield code="b">Iowa</subfield><subfield code="c">Fayette</subfield><subfield code="d">West Union.</subfield></datafield><datafield ind1="0" ind2="0" tag="780"><subfield code="t">Argo (West Union, Iowa)</subfield><subfield code="w">(DLC)sn 87058394</subfield></datafield><datafield ind1="0" ind2="7" tag="785"><subfield code="t">West Union gazette</subfield><subfield code="w">(DLC)sn 88059747</subfield></datafield><datafield ind1="0" ind2="7" tag="785"><subfield code="t">West Union argo-gazette</subfield><subfield code="w">(DLC)sn 87058396</subfield></datafield></record>